<record><leader>00000cas a2200000 a 4500</leader><controlfield tag="001">10341634</controlfield><controlfield tag="008">840126d18431861txuir ne      0    0eng c</controlfield><datafield ind1=" " ind2=" " tag="010"><subfield code="a">sn 84022288 </subfield></datafield><datafield ind1=" " ind2=" " tag="040"><subfield code="a">NPX</subfield><subfield code="b">eng</subfield><subfield code="c">NPX</subfield><subfield code="d">NPT</subfield><subfield code="d">PPM</subfield><subfield code="d">OBN</subfield><subfield code="d">CRL</subfield><subfield code="d">OCL</subfield><subfield code="d">CVF</subfield><subfield code="d">OCLCQ</subfield><subfield code="d">OCLCF</subfield><subfield code="d">OCLCO</subfield></datafield><datafield ind1=" " ind2=" " tag="042"><subfield code="a">pcc</subfield></datafield><datafield ind1=" " ind2=" " tag="043"><subfield code="a">n-us-tx</subfield></datafield><datafield ind1="0" ind2="4" tag="245"><subfield code="a">The Galveston news.</subfield></datafield><datafield ind1="3" ind2=" " tag="246"><subfield code="a">Semi-weekly news</subfield></datafield><datafield ind1="3" ind2=" " tag="246"><subfield code="a">Tri-weekly news</subfield></datafield><datafield ind1="3" ind2=" " tag="246"><subfield code="a">Galveston news tri-weekly</subfield></datafield><datafield ind1="3" ind2=" " tag="246"><subfield code="a">News</subfield></datafield><datafield ind1=" " ind2=" " tag="260"><subfield code="a">Galveston, Tex. :</subfield><subfield code="b">Richardson &amp; Lewis,</subfield><subfield code="c">-1861.</subfield></datafield><datafield ind1=" " ind2=" " tag="300"><subfield code="a">v. ;</subfield><subfield code="c">71 cm.</subfield></datafield><datafield ind1=" " ind2=" " tag="310"><subfield code="a">Triweekly,</subfield><subfield code="b">&lt;Dec. 20, 1855&gt;-Dec. 19, 1861</subfield></datafield><datafield ind1=" " ind2=" " tag="321"><subfield code="a">Semiweekly,</subfield><subfield code="b">&lt;Feb. 24-Mar. 3, 1846&gt;</subfield></datafield><datafield ind1=" " ind2=" " tag="321"><subfield code="a">Triweekly,</subfield><subfield code="b">&lt;Apr. 27, 1848&gt;</subfield></datafield><datafield ind1=" " ind2=" " tag="321"><subfield code="a">Semiweekly,</subfield><subfield code="b">&lt;Nov. 18, 1853-Jan. 13, 1854&gt;</subfield></datafield><datafield ind1="1" ind2=" " tag="362"><subfield code="a">Began in 1843.</subfield></datafield><datafield ind1="0" ind2=" " tag="362"><subfield code="a">-v. 28, no. 40 (Dec. 19, 1861).</subfield></datafield><datafield ind1=" " ind2=" " tag="530"><subfield code="a">Also issued on microfilm from Norman Ross.</subfield></datafield><datafield ind1=" " ind2=" " tag="580"><subfield code="a">Also published in daily eds.: Daily news (Galveston, Tex. : 1842), Apr. 11, 1842- ; Evening news (Galveston, Tex. : 1843), &lt;May 11, 1844- ; and a weekly ed.: Galveston weekly news, Aug. 1845-1861.</subfield></datafield><datafield ind1=" " ind2=" " tag="588"><subfield code="a">Description based on: Vol. 3, no. 59 (Feb. 24, 1846).</subfield></datafield><datafield ind1=" " ind2="0" tag="651"><subfield code="a">Galveston (Tex.)</subfield><subfield code="v">Newspapers.</subfield></datafield><datafield ind1=" " ind2="0" tag="651"><subfield code="a">Galveston County (Tex.)</subfield><subfield code="v">Newspapers.</subfield></datafield><datafield ind1=" " ind2="7" tag="655"><subfield code="a">Newspapers.</subfield><subfield code="2">fast</subfield><subfield code="0">(OCoLC)fst01423814</subfield></datafield><datafield ind1=" " ind2="7" tag="651"><subfield code="a">Texas</subfield><subfield code="z">Galveston.</subfield><subfield code="2">fast</subfield><subfield code="0">(OCoLC)fst01212106</subfield></datafield><datafield ind1=" " ind2="7" tag="651"><subfield code="a">Texas</subfield><subfield code="z">Galveston County.</subfield><subfield code="2">fast</subfield><subfield code="0">(OCoLC)fst01207158</subfield></datafield><datafield ind1=" " ind2=" " tag="752"><subfield code="a">United States</subfield><subfield code="b">Texas</subfield><subfield code="c">Galveston</subfield><subfield code="d">Galveston.</subfield></datafield><datafield ind1="1" ind2=" " tag="775"><subfield code="t">Daily news (Galveston, Tex. : 1842)</subfield><subfield code="w">(DLC)sn 84022287</subfield><subfield code="w">(OCoLC)10333217</subfield></datafield><datafield ind1="1" ind2=" " tag="775"><subfield code="t">Evening news (Galveston, Tex. : 1843)</subfield><subfield code="w">(DLC)sn 86088479</subfield><subfield code="w">(OCoLC)14121203</subfield></datafield><datafield ind1="1" ind2=" " tag="775"><subfield code="t">Galveston weekly news</subfield><subfield code="w">(DLC)sn 83025732</subfield><subfield code="w">(OCoLC)9787951</subfield></datafield><datafield ind1="0" ind2="0" tag="785"><subfield code="t">Tri-weekly news (Houston, Tex. : 1861)</subfield><subfield code="w">(DLC)sn 83026369</subfield><subfield code="w">(OCoLC)9897839</subfield></datafield></record>